@article{balcan2009agnostic,
  title={Agnostic active learning},
  author={Balcan, Maria-Florina and Beygelzimer, Alina and Langford, John},
  journal={Journal of Computer and System Sciences},
  volume={75},
  number={1},
  pages={78--89},
  year={2009},
  publisher={Elsevier}
}

@inproceedings{sheng2008get,
  title={Get another label? improving data quality and data mining using multiple, noisy labelers},
  author={Sheng, Victor S and Provost, Foster and Ipeirotis, Panagiotis G},
  booktitle={Proceedings of the 14th ACM SIGKDD international conference on Knowledge discovery and data mining},
  pages={614--622},
  year={2008}
}

@article{houlsby2011bayesian,
  title={Bayesian active learning for classification and preference learning},
  author={Houlsby, Neil and Husz{\'a}r, Ferenc and Ghahramani, Zoubin and Lengyel, M{\'a}t{\'e}},
  journal={arXiv preprint arXiv:1112.5745},
  year={2011}
}

@inproceedings{kirsch2019batchbald,
  title={Batchbald: Efficient and diverse batch acquisition for deep bayesian active learning},
  author={Kirsch, Andreas and van Amersfoort, Joost and Gal, Yarin},
  booktitle={Advances in Neural Information Processing Systems},
  pages={7026--7037},
  year={2019}
}

@inproceedings{gal2016dropout,
  title={Dropout as a bayesian approximation: Representing model uncertainty in deep learning},
  author={Gal, Yarin and Ghahramani, Zoubin},
  booktitle={international conference on machine learning},
  pages={1050--1059},
  year={2016}
}

@article{recaptcha,
  title={recaptcha: Human-based character recognition via web security measures},
  author={Von Ahn, Luis and Maurer, Benjamin and McMillen, Colin and Abraham, David and Blum, Manuel},
  journal={Science},
  volume={321},
  number={5895},
  pages={1465--1468},
  year={2008},
  publisher={American Association for the Advancement of Science}
}

@misc{platanios2020learning,
    title={Learning from Imperfect Annotations},
    author={Emmanouil Antonios Platanios and Maruan Al-Shedivat and Eric Xing and Tom Mitchell},
    year={2020},
    eprint={2004.03473},
    archivePrefix={arXiv},
    primaryClass={cs.LG}
}

@article{ipeirotis2014repeated,
  title={Repeated labeling using multiple noisy labelers},
  author={Ipeirotis, Panagiotis G and Provost, Foster and Sheng, Victor S and Wang, Jing},
  journal={Data Mining and Knowledge Discovery},
  volume={28},
  number={2},
  pages={402--441},
  year={2014},
  publisher={Springer}
}

@misc{gupta2019learning,
    title={Learning in Confusion: Batch Active Learning with Noisy Oracle},
    author={Gaurav Gupta and Anit Kumar Sahu and Wan-Yi Lin},
    year={2019},
    eprint={1909.12473},
    archivePrefix={arXiv},
    primaryClass={cs.LG}
}